4378 6108
438 325 478 372 tv

438 502 522 589 iique
549 499 689 567 historici
717 500 912 588 potissimum
940 501 1126 586 argumenti:
1155 521 1236 589 quos
1258 497 1288 564 b.
1312 495 1525 564 Humboldtus
1552 497 1678 586 legavit,
1706 519 1799 590 quum
1825 512 1857 568 et
1882 501 1922 569 de
1949 501 2060 589 linguis

438 636 569 696 tractent
595 628 696 694 minus
724 628 871 714 cognitis,
901 636 933 693 et
957 629 1086 694 remotis
1112 628 1145 692 in
1166 625 1256 693 terris
1277 624 1339 690 sint
1360 623 1517 712 impressi,
1546 627 1709 713 singularis
1740 638 1811 694 sunt
1838 649 1908 695 cum
1929 629 2061 696 raritatis

441 767 506 823 tum
532 756 631 843 pretii.
674 754 837 822 Accedunt
860 753 944 821 dona
964 756 1050 821 varia
1069 753 1319 833 Academiarum,
1342 751 1560 818 maximevero
1582 753 1672 820 huius
1686 776 1766 844 quae
1787 754 1872 843 epnd
1892 776 1953 822 nos
1973 755 2064 823 floret

441 882 696 949 Scientiarum
717 882 955 949 Academiae.
1000 885 1088 962 Quae
1110 891 1210 947 autem
1226 878 1370 946 omnibus
1383 877 1448 944 iere
1462 879 1495 943 in
1510 878 1766 948 Universitatibus
1781 881 1938 950 litterariis
1953 884 2064 972 scripta

443 1009 616 1078 academica
635 1009 792 1098 publicata
812 1019 899 1088 sunt,
921 1031 958 1074 ca
979 1009 1111 1076 collecta
1132 1005 1364 1096 quadringentis
1385 1005 1595 1074 voluminibus
1618 1007 1663 1074 ita
1684 989 1895 1096 disposuimus
1917 1019 1952 1078 ut
1965 1010 2062 1078 facilis

442 1147 473 1203 et
484 1137 648 1225 expeditus
669 1159 777 1204 eorurn
788 1138 828 1204 sit
848 1159 930 1204 usus.
953 1172 994 1184 -
1017 1136 1077 1202 Rei
1086 1133 1235 1201 iuridicae
1247 1132 1391 1202 nonnihil
1401 1133 1578 1200 consultum
1596 1144 1645 1202 est
1663 1147 1765 1225 empta
1781 1138 1930 1206 antehoc
1947 1149 2064 1228 septem
2167 1157 2168 1222 ᾖ

442 1286 541 1331 annos
566 1265 608 1334 ab
630 1265 718 1352 Rege
738 1265 967 1352 Augrrstissimo
989 1260 1181 1330 bibliotheca
1203 1262 1232 1328 b.
1255 1263 1450 1342 Scmnnnzu,
1477 1261 1667 1350 professoris
1695 1265 1853 1354 quondam
1882 1275 1913 1330 et
1940 1265 2018 1352 Regi
2045 1289 2063 1332 a
2167 1321 2168 1324 ,

443 1392 581 1460 consiliis
602 1392 732 1475 intimie3
756 1393 841 1460 cuius
863 1392 1013 1458 librorum
1035 1389 1117 1456 tituli
1137 1388 1240 1457 littera
1254 1390 1277 1456 S
1291 1389 1430 1456 distincti
1451 1399 1531 1455 sunt
1574 1389 1692 1456 Littera
1712 1390 1742 1457 R
1764 1413 1802 1457 ea
1822 1390 2063 1461 denotetexem·

442 1521 541 1610 pluria
562 1541 641 1610 qnae
661 1519 962 1588 ex.instructiseimo
984 1518 1014 1586 b.
1039 1519 1220 1584 nooman
1241 1517 1403 1598 deamo,
1431 1515 1526 1603 Regis
1546 1516 1621 1584 iam
1640 1517 1849 1584 mmificcnut
1876 1529 1995 1607 empta,
2023 1521 2063 1586 ad

441 1651 528 1716 barre
543 1647 765 1716 bibliothecam
784 1655 997 1730 aeneumunt3
1023 1668 1155 1734 qnorum
1177 1665 1223 1714 ex
1251 1663 1380 1712 numae
1406 1665 1472 1712 non
1498 1660 1597 1732 pauca
1621 1654 1695 1712 sunt
1711 1645 1748 1712 in
1773 1645 1902 1714 scientie
1921 1647 2063 1730 naturali,

440 1775 576 1857 nmina,
609 1773 837 1856 numismatiea,
870 1773 951 1841 aliin'.
993 1775 1093 1854 Quael
1112 1771 1152 1840 M
1182 1772 1315 1842 litterum
1352 1769 1528 1859 adpositam
1554 1771 1688 1855 hahent,
1717 1777 1760 1840 'aa
1787 1782 1807 1840 a'
1838 1773 2063 1846 Ministerio

439 1903 580 1992 thegio,
603 1899 689 1991 qued
709 1901 902 1969 institutioni
913 1901 1061 1969 Publicae
1081 1909 1215 1989 praesu,
1234 1901 1279 1968 ita
1292 1910 1327 1968 ut
1344 1899 1395 1968 vel
1412 1901 1531 1987 exigno
1545 1899 1708 1989 pretimvel
1725 1901 1816 1968 nullo
1826 1903 2063 1986 redimerentur,

441 2051 483 2100 ex
508 2032 643 2121 antiquis
665 2027 850 2118 quibusdem
872 2029 1083 2118 dmoladsqne
1104 2027 1306 2096 bibliothec‘n
1322 2029 1358 2095 in
1377 2027 1642 2097 hanciuvcnilem
1663 2029 1811 2109 banalem
1831 2043 1914 2099 sunt
1936 2065 1980 2086 -·-
2003 2032 2063 2099 Va·

441 2161 519 2230 nam
550 2159 632 2224 bane
659 2167 692 2224 et
715 2155 917 2245 multiplicem
938 2157 1133 2228 rotumnam
1164 2158 1198 2221 in
1222 2161 1330 2223 onnm'
1345 2155 1407 2222 iam
1438 2177 1556 2246 corpas
1580 2167 1800 2244 magestom
1833 2160 1986 2249 originem
2012 2161 2063 2248 qui

441 2285 707 2377 repensantis,
728 2285 757 2352 si
777 2307 839 2375 que
856 2285 983 2352 utilibus
1002 2283 1105 2352 tretis
1126 2283 1238 2352 viduit
1259 2284 1397 2352 admista
1418 2289 1503 2366 esse,
1525 2285 1755 2367 minim,
1779 2305 1889 2374 spero,
1917 2287 2062 2377 culpabit,

441 2411 508 2484 non
530 2415 709 2502 cuiusquam
729 2413 931 2485 tenuitatem
953 2423 986 2480 et
1004 2412 1163 2480 inaratam
1504 2431 1507 2441 ¹

455 2537 459 2546 '
548 2539 662 2608 Restat
678 2549 714 2606 ut
735 2539 775 2608 de
796 2540 1028 2629 pretiosissimo
1047 2539 1250 2628 diplomatum
1272 2547 1421 2628 apparatu
1443 2537 1597 2622 dicamus,
1628 2555 1719 2629 quem
1739 2543 1781 2609 ab
1803 2540 1970 2609 Unannrcn
1991 2539 2061 2607 Fru-

441 2687 557 2736 nntuco
578 2667 721 2750 Korma,
748 2668 820 2734 viro
848 2689 885 2734 ea
910 2669 943 2734 in
970 2666 1098 2735 &ntia
1123 2685 1260 2748 summo,
1287 2666 1366 2734 haec
1392 2675 1502 2734 nostra
1522 2667 1716 2752 Uniqersitas·
1737 2667 1886 2736 littmeria
1905 2679 2064 2758 acceptum

440 2793 530 2864 ntia·
563 2795 732 2883 Sexaginta
752 2817 865 2864 norem
884 2807 960 2864 suin
978 2794 1104 2862 tabidae
1124 2802 1256 2874 atneae,
1280 2795 1395 2884 quibos
1417 2807 1449 2862 et
1470 2794 1613 2862 codimrm
1632 2805 1737 2884 partas
1764 2808 1796 2864 et
1816 2797 1938 2886 integro
1963 2797 2063 2886 diplo-

439 2935 525 2992 mata
552 2924 780 2991 coenatissime
798 2932 1084 3014 rqrraceentannrr:
1105 2941 1236 3010 quarum
1256 2921 1440 2990 tabulamm.
1451 2923 1640 3012 exemplaria
1660 2923 1774 2994 chartis
1795 2926 1947 3016 impressa
1964 2935 1998 2992 ut
2012 2923 2063 2990 de·

439 3052 657 3122 elderaotibus
671 3049 797 3141 praesto
820 3062 938 3135 ament,
960 3069 1061 3141 nuper
1082 3050 1174 3117 etism
1194 3052 1356 3138 provisum
1372 3055 1451 3118 est
1460 3053 1556 3122 Sunt
1575 3063 1736 3142 praeterea
1755 3054 1864 3140 viginti
1884 3065 1951 3124 tres
1972 3073 2061 3120 mem

442 3183 571 3263 branae,
600 3189 631 3247 at
657 3181 829 3268 scripturae
850 3197 965 3268 genere
984 3188 1016 3247 et
1037 3189 1216 3266 segmento
1238 3179 1391 3267 insignes,
1420 3201 1487 3246 oum
1520 3179 1647 3266 triginta
1666 3191 1812 3268 quattuor
1841 3179 1937 3250 bull'n
1958 3181 2061 3249 ouda

443 3314 544 3390 Quem
569 3307 611 3374 ad
630 3325 789 3374 numerem
803 3327 879 3374 curn
898 3305 960 3374 alia
980 3327 1090 3379 reeens
1110 3317 1308 3374 accesserunt
1317 3324 1382 3374 non
1403 3327 1516 3394 pauca,
1536 3318 1616 3390 tum,
1640 3307 1729 3395 quod
1737 3319 1812 3375 erne
1825 3309 1948 3398 aliqnct
1962 3330 2061 3378 mnne

441 3431 666 3524 acquisivimus,
687 3431 827 3521 diploma
838 3435 943 3502 Caroli
956 3436 1070 3518 crassi,
1092 3457 1120 3503 a
1136 3431 1167 3502 d.
1181 3433 1244 3501 llll
1259 3433 1347 3500 Non.
1359 3434 1486 3522 Apriles
1498 3435 1572 3500 enni
1592 3435 1879 3505 nuounxxxffl
1895 3448 2061 3508 exaratum.

549 3558 690 3647 Catrlogi
711 3561 802 3628 huius
824 3559 1034 3628 bibliothecae
1055 3573 1118 3632 tres
1139 3574 1226 3630 sunt:
1248 3583 1328 3631 unns
1349 3565 1578 3644 accessionum,
1601 3563 1655 3652 qui
1675 3563 1770 3632 docet
1790 3586 1855 3654 quo
1876 3567 1919 3634 sit
1932 3566 2061 3656 quisque

442 3684 521 3758 liber
547 3698 688 3776 tempore
714 3697 746 3755 et
772 3707 834 3777 qna
854 3689 976 3756 radone
996 3690 1177 3779 acquisitus:
1212 3689 1352 3758 altered
1380 3690 1549 3759 litteram
1575 3691 1718 3760 ordinem
1745 3691 1845 3760 factus
1872 3703 1934 3776 est,
1959 3693 2060 3779 singu·

289 3846 294 3856 ¹
441 3819 499 3886 lari
520 3815 606 3884 ictio
622 3814 758 3887 cuiusvis
778 3816 914 3882 auctoris
935 3818 1084 3904 operibus
1105 3813 1238 3884 tributo:
1265 3820 1375 3886 tertius
1395 3830 1444 3886 est
1464 3819 1517 3884 hic
1537 3820 1608 3906 ipse
1629 3820 1803 3908 catalogis,
1834 3841 1898 3910 quc
1926 3821 2000 3891 libri
2022 3818 2062 3887 nd

442 3944 604 4022 doctrinae
622 3965 763 4012 normam
783 3943 817 4008 in
839 3942 990 4032 quaedam
1013 3944 1236 4013 distribuentem
1258 3946 1366 4034 capita.
1412 3948 1552 4025 Quorum
1575 3946 1707 4034 capitum
1730 3956 1929 4036 conspectum
1944 3947 2061 4016 videsis

440 4077 474 4140 in
493 4073 606 4163 pagina
624 4071 769 4160 proxime
788 4071 938 4161 sequenti.

521 4258 722 4329 ·Scribebnm
742 4257 885 4326 Berolini
906 4279 1012 4328 mense
1033 4260 1176 4349 Augusto

684 4397 709 4432 a.
727 4377 1013 4435 MDOGGXXXIX.
